%% pc-hardware.bib
%% Copyright 2023 DontEatOreo
%
% This work may be distributed and/or modified under the
% conditions of the LaTeX Project Public License, either version 1.3
% of this license or (at your option) any later version.
% The latest version of this license is in
%   https://www.latex-project.org/lppl.txt
% and version 1.3c or later is part of all distributions of LaTeX
% version 2008 or later.
%
% This work has the LPPL maintenance status `maintained'.
% 
% The Current Maintainer of this work is DontEatOreo.

% Amazon
@online{intel,
  author  = {Intel},
  title   = {Intel Core i9-12900K Processor},
  year    = {2021},
  url     = {https://www.amazon.de/dp/B09GYLB4J6/},
  urldate = {2023-10-20}
}

@online{amd1,
  author  = {AMD},
  title   = {AMD Ryzen 9 7900X Processor},
  year    = {2021},
  url     = {https://www.amazon.de/dp/B0BBJ59WJ4},
  urldate = {2023-10-20}
}

@online{nvidia,
  author  = {NVIDIA},
  title   = {NVIDIA GeForce RTX 4090 Graphics Card},
  year    = {2021},
  url     = {https://www.amazon.de/dp/B0C697QN56/},
  urldate = {2023-10-20}
}

@online{amd2,
  author  = {AMD},
  title   = {AMD Radeon RX 7900 XTX Graphics Card},
  year    = {2021},
  url     = {https://www.amazon.de/dp/B0BR6JWP1Q/},
  urldate = {2023-10-20}
}

@online{corsair,
  author  = {Corsair},
  title   = {Corsair Vengeance DDR5 Memory Kit},
  year    = {2021},
  url     = {https://www.amazon.de/dp/B0CBRJ63RT//},
  urldate = {2023-10-20}
}

@online{gskill,
  author  = {G.Skill},
  title   = {G.Skill Trident Z DDR4 Memory Kit},
  year    = {2021},
  url     = {https://www.amazon.de/dp/B07WTSMHSY/},
  urldate = {2023-10-20}
}

@online{samsung,
  author  = {Samsung},
  title   = {Samsung 980 Pro SSD},
  year    = {2021},
  url     = {https://www.amazon.de/dp/B08GS7748F/},
  urldate = {2023-10-20}
}

@online{crucial,
  author  = {Crucial},
  title   = {Crucial MX500 SSD},
  year    = {2021},
  url     = {https://www.amazon.de/dp/B078211KBB/},
  urldate = {2023-10-20}
}

% Purde
@online{apa,
  author  = {Purde University},
  title   = {APA Formatting and Style Guide (7th Edition)},
  year    = {2019},
  url     = {https://owl.purdue.edu/owl/research_and_citation/apa_style apa_formatting_and_style_guide/index.html},
  urldate = {2023-10-20}
}
