%% windows-10-calculator.bib
%% Copyright 2023 DontEatOreo
%
% This work may be distributed and/or modified under the
% conditions of the LaTeX Project Public License, either version 1.3
% of this license or (at your option) any later version.
% The latest version of this license is in
%   https://www.latex-project.org/lppl.txt
% and version 1.3c or later is part of all distributions of LaTeX
% version 2008 or later.
%
% This work has the LPPL maintenance status `maintained'.
% 
% The Current Maintainer of this work is DontEatOreo.

% Microsoft
@online{calculator-app,
  title        = {Calculator app for Windows: FAQ},
  url          = {https://support.microsoft.com/en-us/windows/calculator-in-windows-10-8dc0eb59-a45f-72b6-71bd-e752920f36c3},
  urldate      = {2023-10-21},
  organization = {Microsoft}
}

@online{calculator-shortcuts,
  title        = {Calculator keyboard shortcuts},
  url          = {https://support.microsoft.com/en-us/windows/keyboard-shortcuts-in-apps-139014e7-177b-d1f3-eb2e-7298b2599a34},
  urldate      = {2023-10-21},
  organization = {Microsoft},
  year         = {2023}
}

% HowToGeek
@online{calculator-how-to-use,
  title   = {How to Use the Windows 10 Calculator},
  url     = {https://www.howtogeek.com/392134/how-to-use-the-windows-10-calculator/},
  urldate = {2023-10-21},
  author  = { Brady Gavin},
  year    = {2018}
}

@online{calculator-top,
  title   = {How to Keep the Calculator Always-on-Top on Windows 10},
  url     = {https://www.howtogeek.com/705924/how-to-keep-the-calculator-always-on-top-in-windows-10/},
  urldate = {2023-10-21},
  author  = {Joe Fedewa},
  year    = {2021}
}
